<record><leader>00000cas a22000007a 4500</leader><controlfield tag="001">39374268</controlfield><controlfield tag="008">980630d19881989cauwr ne      0    0eng d</controlfield><datafield ind1=" " ind2=" " tag="010"><subfield code="a">sn 98061856 </subfield></datafield><datafield ind1=" " ind2=" " tag="040"><subfield code="a">CNK</subfield><subfield code="b">eng</subfield><subfield code="c">CNK</subfield><subfield code="d">OCLCQ</subfield><subfield code="d">OCLCF</subfield><subfield code="d">OCLCO</subfield></datafield><datafield ind1="1" ind2=" " tag="029"><subfield code="a">AU@</subfield><subfield code="b">000014094670</subfield></datafield><datafield ind1=" " ind2=" " tag="042"><subfield code="a">msc</subfield></datafield><datafield ind1=" " ind2=" " tag="043"><subfield code="a">n-us-ca</subfield></datafield><datafield ind1="0" ind2="0" tag="245"><subfield code="a">Santa Clara American weekly.</subfield></datafield><datafield ind1=" " ind2=" " tag="260"><subfield code="a">Santa Clara, CA :</subfield><subfield code="b">Santa Clara Eagle Pub. Co.</subfield></datafield><datafield ind1=" " ind2=" " tag="300"><subfield code="a">v.</subfield></datafield><datafield ind1=" " ind2=" " tag="310"><subfield code="a">Weekly</subfield></datafield><datafield ind1="0" ind2=" " tag="362"><subfield code="a">Mar. 23, 1988-v. 17, no. 34 (Aug. 24, 1989).</subfield></datafield><datafield ind1=" " ind2=" " tag="515"><subfield code="a">Vol. numbering begins v. 16, no. 12, Mar. 30, 1988.</subfield></datafield><datafield ind1=" " ind2="0" tag="651"><subfield code="a">Santa Clara (Calif.)</subfield><subfield code="v">Newspapers.</subfield></datafield><datafield ind1=" " ind2="7" tag="655"><subfield code="a">Newspapers.</subfield><subfield code="2">fast</subfield><subfield code="0">(OCoLC)fst01423814</subfield></datafield><datafield ind1=" " ind2="7" tag="651"><subfield code="a">California</subfield><subfield code="z">Santa Clara.</subfield><subfield code="2">fast</subfield><subfield code="0">(OCoLC)fst01205013</subfield></datafield><datafield ind1=" " ind2=" " tag="752"><subfield code="a">United States</subfield><subfield code="b">California</subfield><subfield code="c">Santa Clara</subfield><subfield code="d">Santa Clara.</subfield></datafield><datafield ind1="0" ind2="0" tag="780"><subfield code="t">Santa Clara American</subfield><subfield code="w">(DLC)sn 98061855</subfield></datafield><datafield ind1="0" ind2="0" tag="785"><subfield code="t">Santa Clara Valley weekly</subfield><subfield code="w">(DLC)sn 98061857</subfield></datafield></record>